@article{koren2009matrix,
  title={Matrix factorization techniques for recommender systems},
  author={Koren, Yehuda and Bell, Robert and Volinsky, Chris},
  journal={Computer},
  number={8},
  pages={30--37},
  year={2009},
  publisher={IEEE}
}


@incollection{jannach2008finding,
  title={Finding preferred query relaxations in content-based recommenders},
  author={Jannach, Dietmar},
  booktitle={Intelligent Techniques and Tools for Novel System Architectures},
  pages={81--97},
  year={2008},
  publisher={Springer}
}


@article{burke2002hybrid,
  title={Hybrid recommender systems: Survey and experiments},
  author={Burke, Robin},
  journal={User modeling and user-adapted interaction},
  volume={12},
  number={4},
  pages={331--370},
  year={2002},
  publisher={Springer}
}

@book{1_rajaraman_ullman_2011,
  Author={Rajaraman, Anand and Ullman, Jeffrey David},
  Title={Mining of Massive Datasets},
  place={Cambridge},
  publisher={Cambridge University Press},
  year={2011}
}

@article{zhang2004optimality,
  title={The optimality of naive Bayes},
  author={Zhang, Harry},
  journal={AA},
  volume={1},
  number={2},
  pages={3},
  year={2004}
}

@misc{1_ng, 
      author={Ng, Andre},
      title={Advice for applying Machine Learning},
      url={http://cs229.stanford.edu/materials/ML-advice.pdf},
      urldate={2015-11-23},
      journal={Stanford}
}


@article{lecun1989backpropagation,
  title={Backpropagation applied to handwritten zip code recognition},
  author={LeCun, Yann and Boser, Bernhard and Denker, John S and Henderson, Donnie and Howard, Richard E and Hubbard, Wayne and Jackel, Lawrence D},
  journal={Neural computation},
  volume={1},
  number={4},
  pages={541--551},
  year={1989},
  publisher={MIT Press}
}

@article{stallkamp2012man,
  title={Man vs. computer: Benchmarking machine learning algorithms for traffic sign recognition},
  author={Stallkamp, Johannes and Schlipsing, Marc and Salmen, Jan and Igel, Christian},
  journal={Neural networks},
  volume={32},
  pages={323--332},
  year={2012},
  publisher={Elsevier}
}

@incollection{shani2011evaluating,
  title={Evaluating recommendation systems},
  author={Shani, Guy and Gunawardana, Asela},
  booktitle={Recommender systems handbook},
  pages={257--297},
  year={2011},
  publisher={Springer}
}

@article{herlocker2004evaluating,
  title={Evaluating collaborative filtering recommender systems},
  author={Herlocker, Jonathan L and Konstan, Joseph A and Terveen, Loren G and Riedl, John T},
  journal={ACM Transactions on Information Systems (TOIS)},
  volume={22},
  number={1},
  pages={5--53},
  year={2004},
  publisher={ACM}
}

@incollection{adomavicius2011context,
  title={Context-aware recommender systems},
  author={Adomavicius, Gediminas and Tuzhilin, Alexander},
  booktitle={Recommender systems handbook},
  pages={217--253},
  year={2011},
  publisher={Springer}
}

@book{berry1997data,
  title={Data mining techniques: for marketing, sales, and customer support},
  author={Berry, Michael J and Linoff, Gordon},
  year={1997},
  publisher={John Wiley \& Sons, Inc.}
}

@book{ricci2011introduction,
  title={Introduction to recommender systems handbook},
  author={Ricci, Francesco and Rokach, Lior and Shapira, Bracha},
  year={2011},
  publisher={Springer}
}

@incollection{schafer2007collaborative,
  title={Collaborative filtering recommender systems},
  author={Schafer, J Ben and Frankowski, Dan and Herlocker, Jon and Sen, Shilad},
  booktitle={The adaptive web},
  pages={291--324},
  year={2007},
  publisher={Springer}
}

@incollection{lops2011content,
  title={Content-based recommender systems: State of the art and trends},
  author={Lops, Pasquale and De Gemmis, Marco and Semeraro, Giovanni},
  booktitle={Recommender systems handbook},
  pages={73--105},
  year={2011},
  publisher={Springer}
}

@misc{burke2007hybrid,
  title={Hybrid web recommender systems, The adaptive web: methods and strategies of web personalization},
  author={Burke, Robin},
  year={2007},
  publisher={Springer-Verlag, Berlin, Heidelberg}
}

@incollection{picault2011get,
  title={How to Get the Recommender Out of the Lab?},
  author={Picault, J{\'e}rome and Ribi{\`e}re, Myriam and Bonnefoy, David and Mercer, Kevin},
  booktitle={Recommender Systems Handbook},
  pages={333--365},
  year={2011},
  publisher={Springer}
}

@inproceedings{mahmood2009improving,
  title={Improving recommender systems with adaptive conversational strategies},
  author={Mahmood, Tariq and Ricci, Francesco},
  booktitle={Proceedings of the 20th ACM conference on Hypertext and hypermedia},
  pages={73--82},
  year={2009},
  organization={ACM}
}

@misc{3_corbet_2007,
      author={Corbet, Jonathan},
      title={Once upon atime [LWN.net]},
      url={http://lwn.net/Articles/244829/},
      urldate={2015-10-12},
      journal={Lwn.net},
      year={2007}
}

@misc{2_wiki.debian.org,
      author={Wiki.debian.org},
      title={fstab - Debian Wiki},
      url={https://wiki.debian.org/fstab},
      urldate={2015-10-12}
}

@misc{1_haas,
      author={Haas, Juergen},
      title={stat - Linux Command - Unix Command},
      url={http://linux.about.com/library/cmd/blcmdl2_stat.htm},
      urldate={2015-10-12},
      journal={About.com Linux}
}

@inproceedings{zini2005cute,
  title={A cute introduction to Debtags},
  author={Zini, Enrico},
  booktitle={Proceedings of the 5th annual Debian Conference},
  pages={59--74},
  year={2005}
}

@article{pazzani1997learning,
  title={Learning and revising user profiles: The identification of interesting web sites},
  author={Pazzani, Michael and Billsus, Daniel},
  journal={Machine learning},
  volume={27},
  number={3},
  pages={313--331},
  year={1997},
  publisher={Springer}
}

@book{segaran2007programming,
  title={Programming collective intelligence: building smart web 2.0 applications},
  author={Segaran, Toby},
  year={2007},
  publisher={" O'Reilly Media, Inc."}
}

@incollection{amatriain2011data,
  title={Data mining methods for recommender systems},
  author={Amatriain, Xavier and Jaimes, Alejandro and Oliver, Nuria and Pujol, Josep M},
  booktitle={Recommender Systems Handbook},
  pages={39--71},
  year={2011},
  publisher={Springer}
}

@article{koren2010collaborative,
  title={Collaborative filtering with temporal dynamics},
  author={Koren, Yehuda},
  journal={Communications of the ACM},
  volume={53},
  number={4},
  pages={89--97},
  year={2010},
  publisher={ACM}
}

@article{basile2015modeling,
  title={Modeling Short-Term Preferences in Time-Aware Recommender Systems},
  author={Basile, Pierpaolo and Caputo, Annalina and de Gemmis, Marco and Lops, Pasquale and Semeraro, Giovanni},
  journal={Proceedings of DeCAT},
  year={2015}
}

@article{custodio2010aprendizadomaquina,
  title={Aprendizagem de máquina},
  author={Custódio, Bruno and Henrique, Diego},
  year={2010},
  url={http://www.ft.unicamp.br/liag/wp/monografias/monografias/2010_IA_FT_UNICAMP_aprendizagemMaquina.pdf}
}

@article{bruno2010aprendizadomaquina,
  title={Utilização de técnicas de aprendizado de máquina no reconhecimento de entidades nomeadas no português},
  author={Roberto, Paulo and Ribeiro, Renato and Borges, Walter and Paula, Ana},
  year={2011},
  url={https://www.google.com.br/url?sa=t&rct=j&q=&esrc=s&source=web&cd=5&ved=0CDoQFjAEahUKEwjVzP-CqYHJAhWIIpAKHfcmAWo&url=http%3A%2F%2Frevistas.unibh.br%2Findex.php%2Fdcet%2Farticle%2Fdownload%2F305%2F164&usg=AFQjCNFRRA7rednn_zxKwb-EosOQK5nAOg&sig2=c7f9GVYNNDBLsHpkwCA6Vg&bvm=bv.106923889,d.Y2I&cad=rja}
}

@inproceedings{ding2005time,
  title={Time weight collaborative filtering},
  author={Ding, Yi and Li, Xue},
  booktitle={Proceedings of the 14th ACM international conference on Information and knowledge management},
  pages={485--492},
  year={2005},
  organization={ACM}
}

@article{lee2008time,
  title={A time-based approach to effective recommender systems using implicit feedback},
  author={Lee, Tong Queue and Park, Young and Park, Yong-Tae},
  journal={Expert systems with applications},
  volume={34},
  number={4},
  pages={3055--3062},
  year={2008},
  publisher={Elsevier}
}


@article{da2005metodologia,
  title={Metodologia da pesquisa e elabora{\c{c}}{\~a}o de disserta{\c{c}}{\~a}o},
  author={da Silva, Edna L{\'u}cia and Menezes, Estera Muzkat},
  journal={UFSC, Florian{\'o}polis, 4a. edi{\c{c}}{\~a}o},
  year={2005}
}

@phdthesis{araujo2011apprecommender,
  title={AppRecommender: um recomendador de aplicativos GNU/Linux},
  author={Ara{\'u}jo, T{\'a}ssia Camoes},
  year={2011},
  school={Universidade de Sao Paulo}
}

@phdthesis{santos2010naivebayes,
  title={Construç{\~a}o de atributos bin{\'a}rios baseada em an{\'a}lise de intera{\c{c}}{\~o}es},
  author={Santos, Carlos da Silva},
  year={2010},
  school={Universidade de Sao Paulo}
}

@inproceedings{soviero1997,
	Author = {P. A. O. Soviero and L. G. M. Lavagna},
	Title = {A Numerical Model for Thin Airfoils in Unsteady Motion},
	Year = {1997},
	Pages = {332-340},
	Volume = {19},
	Number = {3},
	Booktitle = {Journal of the Brazilian Societyt Mechanical Sciences},
}

@inproceedings{sparrow1980,
	Author = {E. M. Sparrow},
	Title = {Forced Convection Heat Transfer in a Duct Having Spanwise-Periodic
	Rectangular Protuberances},
	Year = {1980},
	Pages = {149-167},
	Volume = {3},
	Booktitle = {Numerical Heat Transfer},
}

@article{clark1986,
	Author = {J. A. Clark},
	Title = {Private Communication},
	Year = {1986},
	Address = {University of Michigan},
}

@article{arruda2007,
	Author = {M. B. B. Arruda},
	Title = {Como fazer referências: bibliográficas, eletrônicas e demais
	formas de documentos},
	Year = {2007},
	Url = {http://bu.ufsc.br/framerefer.html}
}

@article{coimbra1978,
	Author = {A. L. Coimbra},
	Title = {Lessons of Continuum Mechanics},
	Year = {1978},
	Address = {São Paulo, Brazil},
	Pages = {428},
	Editor = {Edgard Blücher},
}

@inproceedings{bordalo1989,
	Author = {S. N. Bordalo and J. H. Ferziger and S. J. Kline},
	Title = {The Development of Zonal Models for Turbulence},
	Year = {1989},
	Pages = {41-44},
	Booktitle = {Proceedings of the 10th Brazilian Congress of Mechanical
	Engineering},
	Volume = {1},
}

@manual{NBR14724:2011,
	Address = {Rio de Janeiro},
	Date-Added = {2012-12-15 20:34:08 +0000},
	Date-Modified = {2012-12-15 20:35:25 +0000},
	Month = mar,
	Org-Short = {ABNT},
	Organization = {Associa{\c c}\~ao Brasileira de Normas T\'ecnicas},
	Pages = 15,
	Subtitle = {Informa{\c c}\~ao e documenta{\c c}\~ao --- trabalhos acad\^emicos --- apresenta{\c c}\~ao},
	Title = {{NBR} 14724},
	Year = 2011
}

@manual{NBR6034:2000,
	Address = {Rio de Janeiro},
	Org-Short = {ABNT},
	Organization = {Associa{\c c}\~ao Brasileira de Normas T\'ecnicas},
	Subtitle = {Informa{\c c}\~ao e documenta{\c c}\~ao --- Referências},
	Title = {{NBR} 14724},
	Year = 2000
}

